%Commented templates were obtained from "https://www.bibtex.com/format/templates/".
%
%@article{citekey,
%    author = "",
%    title = "",
%    journal = "",
%    year = "",
%    volume = "",
%    number = "",
%    pages = "",
%    month = "",
%    note = "",
%    annote = "",
%    doi = ""
%}
%
%@book{citekey,
%  author    = "",
%  title     = "",
%  publisher = "",
%  year      = "",
%  volume    = "",
%  number    = "",
%  series    = "",
%  address   = "",
%  edition   = "",
%  month     = "",
%  note      = "",
%  annote    = ""
%}
%
%@mastersthesis{citekey,
%  author  = "",
%  title   = "",
%  school  = "",
%  year    = "",
%  type    = "",
%  address = "",
%  month   = "",
%  note    = "",
%  annote  = ""
%}
%
%@phdthesis{citekey,
%  author  = "",
%  title   = "",
%  school  = "",
%  year    = "",
%  type    = "",
%  address = "",
%  month   = "",
%  note    = "",
%  annote  = ""
%}

@mastersthesis{Arentz-Hansen,
  author  = "E. B. Arentz-Hansen",
  title   = "Classifying Subcategories in Quotients of Exact Categories",
  school  = "Norwegian University of Science {and} Technology",
  year    = "2017",
  type    = "Tesis de maestría",
  address = "",
  month   = "December",
  note    = "",
  annote  = ""
}


@article{Bühler,
    author = "T. Bühler",
    title = "Exact Categories",
    journal = "Expo. Math.",
    year = "2010",
    volume = "28",
    number = "",
    pages = "1-69",
    month = "",
    note = "",
    annote = "",
    doi = "10.1007/BFb0058580"
}

@mastersthesis{Flores-Galicia,
    author = "M. {Flores Galicia}",
    title = "Categorías trianguladas",
    school = "Universidad Nacional Autónoma de México",
    year = "2013",
    type = "Tesina de maestría",
    address = "",
    month = "April",
    note = "",
    annote = ""
}

@book{Freyd,
  author    = "P. J. Freyd",
  title     = "Abelian Categories",
  publisher = "Harper {and} Row",
  year      = "1964",
  volume    = "",
  number    = "",
  series    = "Harper's Series in Modern Mathematics",
  address   = "",
  edition   = "",
  month     = "",
  note      = "",
  annote    = ""
}

%@article{Gabriel,
%  title={Des cat{\'e}gories ab{\'e}liennes},
%  author={Patrick Gabriel},
%  journal={Bulletin de la Soci{\'e}t{\'e} Math{\'e}matique de France},
%  year={1962},
%  volume={90},
%  pages={323-448}
%}

@article{Keller,
    author = "B. Keller",
    title = "Chain Complexes and Stable Categories",
    journal = "Manuscripta Math.",
    year = "1990",
    volume = "67",
    number = "",
    pages = "379-417",
    month = "",
    note = "",
    annote = "",
    doi = "10.1007/BF02568439"
}

@book{Mitchell,
    author = "B. Mitchell",
    title = "Theory of Categories",
    isbn = "",
    series = "Pure and Applied Mathematics",
    year = "1965",
    publisher = "Academic Press"
}

@article{Nakaoka,
    author = "H. Nakaoka",
    title = "A Simultaneous Generalization of Mutation and Recollement of Cotorsion Pairs on a Triangulated Category",
    journal = "Appl. Categor. Struct.",
    year = "2018",
    volume = "26",
    number = "",
    pages = "491-544",
    month = "",
    note = "",
    annote = "",
    doi = "10.1007/s10485-017-9501-3"
}


@article{NakaokaPalu,
    author = "H. Nakaoka and Y. Palu",
    title = "Extriangulated Categories, Hovey Twin Cotorsion Pairs and Model Structures",
    journal = "Cah. Topol. Géom. Différ. Catég.",
    volume = "60",
    number = "2",
    pages = "117--193",
    year = "2019",
    note = "NP19",
    doi = ""
}

@book{Popescu,
  author    = "N. Popescu",
  title     = "Abelian Categories with Applications to Rings and Modules",
  publisher = "Academic Press",
  year      = "1973",
  volume    = "",
  number    = "",
  series    = "",
  address   = "",
  edition   = "",
  month     = "",
  note      = "",
  annote    = ""
}


@article{Puppe,
    author = "D. Puppe",
    title = "Korrespondenzen in abelschen Kategorien",
    journal = "Math. Ann.",
    year = "1962",
    volume = "148",
    number = "",
    pages = "1-30",
    month = "",
    note = "",
    annote = "",
    doi = "10.1007/BF01438388"
}

@article{Quillen,
    author = "D. Quillen",
    title = "Higher Algebraic K-Theory",
    journal = "Higher K-Theories, Proceedings of the Conference, Battelle Memorial Institute, Seattle, Washington",
    year = "1972",
    volume = "341",
    number = "",
    pages = "85-147",
    month = "",
    note = "",
    annote = "",
    doi = "10.1007/BFb0067053"
}

@mastersthesis{Santiago_Tesis_Licenciatura,
    author = "V. {Santiago Vargas}",
    title = "Elementos de álgebra homológica en categorías abelianas y el Teorema de Inmersión en la categoría de grupos abelianos",
    school = "Universidad Nacional Autónoma de México",
    year = "2007",
    type = "Tesis de licenciatura",
    address = "",
    month = "April",
    note = "",
    annote = ""
}

@online{Stovicek,
    author = "J. Šťovíček",
    title = "Exact Model Categories, Approximation Theory, and Cohomology of Quasi-Coherent Sheaves",
    %journal = "",
    url = "",
    year = "2013",
    volume = "",
    number = "",
    pages = "",
    month = "",
    note = "",
    annote = "",
    doi = "10.48550/arXiv.1301.5206"
}

@article{Tan-Junhan,
    author = "A. {Tan Junhan}",
    title = "The Freyd-Mitchell Embedding Theorem",
    journal = "arXiv: Category Theory",
    year = "2019",
    %volume = "",
    %number = "",
    %pages = "",
    %month = "",
    %note = "",
    %annote = "",
    doi = "10.48550/arXiv.1901.08591"
}

@book{Thomason,
  author    = "R. W. Thomason and T. Trobaugh",
  title     = "Higher Algebraic K-Theory of Schemes and of Derived Categories",
  publisher = "Birkhäuser",
  year      = "1990",
  volume    = "3",
  number    = "",
  series    = "The Grothendieck Festschrift",
  address   = "",
  edition   = "",
  month     = "",
  note      = "",
  annote    = ""
}

@book{Verdier,
  author    = "J. L. Verdier",
  title     = "Des catégories dérivées des catégories abéliennes",
  publisher = "Paris: Société mathématique de France",
  year      = "1996",
  volume    = "",
  number    = "",
  series    = "Astérisque 239",
  address   = "",
  edition   = "",
  month     = "",
  note      = "",
  annote    = "",
  issn      = "0303-1179",
  doi       = "10.24033/ast.364"
}

@article{Yoneda,
    author = "N. Yoneda",
    title = "On Ext and Exact Sequences",
    journal = "J. Fac. Sci. Univ. Tokyo",
    year = "1960",
    volume = "8",
    number = "",
    pages = "507-576",
    month = "",
    note = "",
    annote = "",
    doi = ""
}
